% Encoding: UTF-8
%------------------------------------INTRODUCTION------------------------------------%

@Misc{GitHub,
  author       = {Daniel Busemann and Ilian Haralampiev and Ivan Kulin and Simon Thies},
  title        = {DC-DC},
  howpublished = {\url{https://github.com/BlackAndWhiteSnaable/DC-DC}},
  year         = {2018},
  timestamp    = {2018-11-27},
  url          = {https://github.com/BlackAndWhiteSnaable/DC-DC},
}

@InProceedings{Azmi2016,
  author    = {N. A. Azmi and R. C. Ismail and S. S. Jamuar and S. A. Z. Murad and M. N. M. Isa and W. Y. Lim and M. A. Zulkifeli},
  title     = {Design of {DC} high voltage and low current power supply using Cockroft-Walton (C-W) voltage multiplier},
  booktitle = {2016 3rd International Conference on Electronic Design ({ICED})},
  year      = {2016},
  month     = {aug},
  publisher = {{IEEE}},
  doi       = {10.1109/iced.2016.7804597},
}

@Comment{jabref-meta: databaseType:bibtex;}
