% Encoding: UTF-8
%------------------------------------INTRODUCTION------------------------------------%

@Misc{GitHub,
  author       = {Daniel Busemann and Ilian Haralampiev and Ivan Kulin and Simon Thies},
  title        = {DC-DC},
  howpublished = {\url{https://github.com/BlackAndWhiteSnaable/DC-DC}},
  year         = {2018},
  timestamp    = {2018-11-27},
  url          = {https://github.com/BlackAndWhiteSnaable/DC-DC},
}

%%------------------------------MATHEMATICAL MODELLING-------------------------------%

@Misc{cftool,
  author       = {MATLAB},
  title        = {Curve Fitting Toolbox},
  howpublished = {\url{https://se.mathworks.com/help/curvefit/index.html}},
  year         = {2018},
  note         = {Accessed May. 9, 2018},
  timestamp    = {2018-05-09},
  url          = {https://se.mathworks.com/help/curvefit/index.html},
}

@Comment{jabref-meta: databaseType:bibtex;}
